@misc{SHORTHAND01,
  title     = {Title},
  year      = {2021},
  author    = {Name},
  publisher = {Publ},
  url       = { https://url.com}
}
@misc{NISTSP,
  title     = {NIST SP 800-28 Version 2},
  year      = {2015},
  author    = {Wayne A. Jansen, Theodore Winograd, Karen Scarfone},
  publisher = {National Institute of Standards and Technology},
  url       = { https://nvlpubs.nist.gov/nistpubs/Legacy/SP/nistspecialpublication800-28ver2.pdf}
}

@misc{wiki1,
  author = {Wikipedia},
  month  = {November},
  title  = {Morris (Computerwurm)},
  url    = {https://de.wikipedia.org/wiki/Morris_(Computerwurm)},
  year   = {2021}
}

@misc{wiki2,
  author = {Wikipedia},
  month  = {November},
  title  = {SQL Slammer},
  url    = {https://de.wikipedia.org/wiki/SQL_Slammer},
  year   = {2021}
}

@misc{whatsapp1,
  author = {MacTechNews},
  month  = {November},
  title  = {Kritische Sicherheitslücke bei WhatsApp},
  url    = {https://www.mactechnews.de/news/article/Kritische-Sicherheitsluecke-bei-WhatsApp-Einfuehrung-von-Malware-per-MP4-Datei-moeglich-173830.html},
  year   = {2019}
}

@misc{hpvuln,
  author    = {Sarah Petzold},
  month     = {August},
  title     = {HP-Drucker mit Sicherheitslücke},
  publisher = {Gamestar},
  url       = {https://www.gamestar.de/artikel/hp-drucker-von-sicherheitsluecke-betroffen-hersteller-empfiehlt-firmware-update,3333316.html},
  year      = {2018}
}

@misc{tutorial1,
  author = {Steve Hanna},
  month  = {Juli},
  title  = {Shellcode for Linux and Windows Tutorial},
  url    = {https://www.exploit-db.com/docs/english/13019-shell-code-for-beginners.pdf},
  year   = {2004}
}

@misc{shellstorm,
  author    = {ZadYree, vaelio, DaShrooms},
  title     = {x86_64 execveat("/bin//sh") 29 bytes shellcode},
  url       = {http://shell-storm.org/shellcode/files/shellcode-905.php},
  year      = {2021}
}

@misc{springer,
  author    = {Angelos D. Keromytis},
  title     = {Encyclopedia of Cryptography and Security, Buffer Overflow Attacks},
  publisher = {Springer},
  url       = {https://link.springer.com/referenceworkentry/10.1007/978-1-4419-5906-5_502},
  year      = {2011}
}

@misc{hamburg,
  author    = {Konstantin Schleser, Tim Krämer, Denis Graf},
  title     = {SVS-Masterprojekt IT-Sicherheit, Buffer-Overflow},
  publisher = {Universität Hamburg},
  url       = {https://www2.informatik.uni-hamburg.de/fachschaft/wiki/images/f/f0/7kraemer-Projekt-ausarbeitung.pdf},
}

@misc{cloudflare,
  author    = {Cloudflare},
  title     = {What is buffer overflow?},
  url       = {https://www.cloudflare.com/de-de/learning/security/threats/buffer-overflow/},
  year      = {2021}
}

@misc{fortinet,
  author    = {Fortinet},
  title     = {Buffer Overflow},
  url       = {https://www.fortinet.com/resources/cyberglossary/buffer-overflow},
  year      = {2021}
}

@misc{heise,
  author    = {Felix Lindner},
  day       = {28},
  month     = {April},
  title     = {Ein Haufen Risiko},
  publisher = {heise Security},
  url       = {https://m.heise.de/security/artikel/Ein-Haufen-Risiko-270800.html?seite=all},
  year      = {2006}
}

@misc{owasp1,
  author    = {OWASP},
  title     = {Buffer Overflow},
  url       = {https://owasp.org/www-community/vulnerabilities/Buffer_Overflow},
  year      = {2021}
}

@misc{owasp2,
  author    = {OWASP},
  title     = {Format String Attack},
  url       = {https://owasp.org/www-community/attacks/Format_string_attack},
  year      = {2021}
}

@misc{phrack,
  author    = {Aleph One},
  title     = {Smashing the Stack For Fun And Profit},
  publisher = {PHRACK},
  url       = {http://phrack.org/issues/49/14.html#article},
  year      = {2021}
}

@misc{computerphile,
  author    = {Asst. Prof. Dr. Mike Pound},
  day       = {2},
  month     = {März},
  title     = {Running a Buffer Overflow Attack},
  publisher = {University of Nottingham, Computerphile},
  url       = {https://www.youtube.com/watch?v=1S0aBV-Waeo},
  year      = {2016}
}

@misc{protostar,
  author    = {Protostar},
  title     = {Exploit Education},
  url       = {https://exploit.education/},
  year      = {2019}
}

@misc{replace14,
  author    = {MacTechNews},
  month     = {November},
  title     = {Kritische Sicherheitslücke bei WhatsApp},
  publisher = {Gamestar},
  url       = {https://www.mactechnews.de/news/article/Kritische-Sicherheitsluecke-bei-WhatsApp-Einfuehrung-von-Malware-per-MP4-Datei-moeglich-173830.html},
  year      = {2019}
}

@misc{replace15,
  author    = {MacTechNews},
  month     = {November},
  title     = {Kritische Sicherheitslücke bei WhatsApp},
  publisher = {Gamestar},
  url       = {https://www.mactechnews.de/news/article/Kritische-Sicherheitsluecke-bei-WhatsApp-Einfuehrung-von-Malware-per-MP4-Datei-moeglich-173830.html},
  year      = {2019}
}

@misc{replace16,
  author    = {MacTechNews},
  month     = {November},
  title     = {Kritische Sicherheitslücke bei WhatsApp},
  publisher = {Gamestar},
  url       = {https://www.mactechnews.de/news/article/Kritische-Sicherheitsluecke-bei-WhatsApp-Einfuehrung-von-Malware-per-MP4-Datei-moeglich-173830.html},
  year      = {2019}
}
